@article{cowie1996information,
  title={Information extraction},
  author={Cowie, J. and Lehnert, W.},
  journal={Communications of the ACM},
  volume={39},
  number={1},
  pages={80--91},
  year={1996},
  publisher={ACM}
}

@incollection{piskorski2013information,
  title={Information Extraction: Past, Present and Future},
  author={Piskorski, J. and Yangarber, R.},
  booktitle={Multi-source, Multilingual Information Extraction and Summarization},
  pages={23--49},
  year={2013},
  publisher={Springer}
}

@incollection{linckels2011natural,
  title={Natural Language Processing},
  author={Linckels, S. and Meinel, C.},
  booktitle={E-Librarian Service},
  pages={61--79},
  year={2011},
  publisher={Springer}
}

@incollection{ferilli2011natural,
  title={Natural Language Processing},
  author={Ferilli, S.},
  booktitle={Automatic Digital Document Processing and Management},
  year={2011},
  publisher={Springer}
}


%%%%%%%%%% Tagger References %%%%%%%%%%%%%%%%

@article{mmax2,
  title={Multi-level annotation of linguistic data with {MMAX2}},
  author={M{\"u}ller, C. and Strube, M.},
  journal={Corpus technology and language pedagogy: New resources, new tools, new methods},
  volume={3},
  pages={197--214},
  year={2006},
}

@inproceedings{agtk,
  title={Annotation Tools for Large-Scale Corpus Development: Using AGTK at the Linguistic Data Consortium.},
  author={Maeda, K. and Strassel, S.},
  booktitle={LREC},
  year={2004}
}

@article{brat,
  title={BRAT: a Web-based Tool for NLP-Assisted Text Annotation},
  author={P. Stenetorp et al.},
  journal={EACL},
  pages={102},
  year={2012}
}

@inproceedings{wordfreak,
  title={WordFreak: an open tool for linguistic annotation},
  author={Morton, T. and LaCivita, J.},
  booktitle={HLT/NAACL},
  year={2003},
  organization={ACL},
}

@article{englishtreebank,
  title={Building a large annotated corpus of English: The Penn Treebank},
  author={M. Marcus et al.},
  journal={Computational linguistics},
  volume={19},
  number={2},
  year={1993},
  publisher={MIT Press}
}

@article{chinesetreebank,
  title={The Penn Chinese Treebank: Phrase structure annotation of a large corpus},
  author={N. Xue et al.},
  journal={Natural Language Engineering},
  volume={11},
  number={2},
  pages={207},
  year={2005},
  publisher={Cambridge Univ Press}
}

@inproceedings{arabictreebank,
  title={The penn arabic treebank: Building a large-scale annotated arabic corpus},
  author={M. Maamouri et al.},
  booktitle={NEMLAR Conference on {A}rabic Language Resources and Tools},
  year={2004}
}

@article{arabicmorph,
  title={{A}rabic morphological analysis techniques: A comprehensive survey},
  author={Al-Sughaiyer, I.A. and Al-Kharashi, I.A.},
  journal={JASIST}, 
  year={2003},
  publisher={Wiley Online Library}
}

@inproceedings{alrahabi2006semantic,
  title={Semantic Annotation of Reported Information in Arabic.},
  author={M. Alrahabi et al.},
  booktitle={FLAIRS Conference},
  volume={6},
  pages={263--268},
  year={2006}
}

@inproceedings{kholidy2010towards,
  title={Towards developing an {A}rabic word alignment annotation tool with some {A}rabic alignment guidelines},
  author={Kholidy, H.A. and Chatterjee, N.},
  booktitle={ISDA},
  pages={778--783},
  year={2010},
  organization={IEEE}
}

@inproceedings{saleh2009aratation,
  title={Ara{T}ation: an {A}rabic semantic annotation tool},
  author={Saleh, L.M.B. and Al-Khalifa, H.S.},
  booktitle={Proceedings of IIWAS},
  year={2009},
  organization={ACM}
}

@article{attia2009fassieh,
  title={Fassieh{\={}}, a Semi-Automatic Visual Interactive Tool for Morphological, PoS-Tags, Phonetic, and Semantic Annotation of {A}rabic Text Corpora},
  author={M. Attia et al.},
  journal={Audio, Speech, and Language Processing, IEEE Transactions on},
  volume={17},
  number={5},
  pages={916--925},
  year={2009},
  publisher={IEEE}
}

@article{dukes2011supervised,
  title={Supervised collaboration for syntactic annotation of Quranic {A}rabic},
  author={K. Dukes et al.},
  journal={LREC},
  pages={1--30},
  year={2011},
  publisher={Springer}
}

@article{dorr2010interlingual,
  title={Interlingual annotation of parallel text corpora: a new framework for annotation and evaluation},
  author={B. Dorr et al.},
  journal={Natural Language Engineering},
  volume={16},
  number={3},
  pages={197},
  year={2010},
  publisher={Cambridge Univ Press}
}

@inproceedings{habash2006arabic,
  author = {Habash, N. and Sadat, F.},
  title = {Arabic Preprocessing Schemes for Statistical Machine Translation},
  booktitle = {NAACL},
  year = {2006},
  location = {New York, New York},
  pages = {49--52},
} 

@techreport{Buckwalter:02,
    author={Buckwalter, T.},
    title="Buckwalter {A}rabic Morphological Analyzer Version 1.0",
    year = "2002",
    publisher = "LDC2002L49",
}

@InProceedings{ZaMaColing2012DemosSarf,
  author    = {Zaraket, F.  and  Makhlouta, J.},
  title     = {{A}rabic Morphological Analyzer with Agglutinative Affix Morphemes and Fusional Concatenation Rules},
  booktitle = {COLING},
  month     = {December},
  year      = {2012},
  address   = {Mumbai, India}
}

@inproceedings{ZaMaHaCicling2012Entity,
  author    = {J. Makhlouta et al.},
  title     = {{A}rabic Entity Graph Extraction Using Morphology, Finite State Machines, and Graph Transformations},
  booktitle = {CICLing},
  year      = {2012},
  pages     = {297-310},
}

@inproceedings{ZaMaFlairs2012HadithBio,
  author    = {F. A. Zaraket and J. Makhlouta},
  title     = {{A}rabic Cross-Document {NLP} for the Hadith and Biography Literature},
  booktitle = {FLAIRS},
  year      = {2012},
  address = {Marco Island, Florida},
  month = {May},
}

@article{ZaMa2012IJCLATime,
  title={{A}rabic Temporal Entity Extraction using Morphological Analysis},
  author={F.A. Zaraket and J. Makhlouta},
  journal={IJCLA},
  volume={3},
  pages={121-136},
  year={2012},
}

@article{kulick2010consistent,
  title={Consistent and flexible integration of morphological annotation in the Arabic Treebank},
  author={S. Kulick},
  journal={LREC},
  year={2010}
}

@inproceedings{smrz2004morphotrees,
  title={Morphotrees of Arabic and their annotation in the TrEd environment},
  author={Smrz, O. and Pajas, P.},
  booktitle={NEMLAR International Conference on Arabic Language Resources and Tools},
  year={2004}
}

%%%%%%% End %%%%%%%%%%%%%


%%%%%%%% SynSet References %%%%%%%%%%%%

@article{intro,
  title={Introduction to wordnet: An on-line lexical database*},
  author={G.A. Miller et al.},
  journal={International journal of lexicography},
  volume={3},
  number={4},
  year={1990},
  publisher={Oxford Univ Press}
}

@article{nouns,
  title={Nouns in WordNet: a lexical inheritance system},
  author={Miller, G.A.},
  journal={International journal of Lexicography},
  volume={3},
  number={4},
  pages={245--264},
  year={1990},
  publisher={Oxford Univ Press}
}

@article{adjectives,
  title={Adjectives in wordnet},
  author={Gross, D. and Miller, K.J.},
  journal={International Journal of Lexicography},
  volume={3},
  number={4},
  pages={265--277},
  year={1990},
  publisher={Oxford Univ Press}
}

@article{vossen1998introduction,
  title={Introduction to eurowordnet},
  author={Vossen, P.},
  journal={Computers and the Humanities},
  volume={32},
  number={2-3},
  pages={73--89},
  year={1998},
  publisher={Springer}
}

@inproceedings{jarrar2011arabic,
  title={Arabic ontology engineering-challenges and opportunities},
  author={Jarrar, M.},
  booktitle={Proceedings of ISWSA},
  pages={2},
  year={2011},
  organization={ACM}
}

@inproceedings{black2006introducing,
  title={Introducing the Arabic wordnet project},
  author={W. Black et al.},
  booktitle={Proceedings of GWC},
  year={2006}
}


@inproceedings{reiss2008algebraic,
  title={An algebraic approach to rule-based information extraction},
  author={F. Reiss et al.},
  booktitle={ICDE},
  pages={933--942},
  year={2008},
  organization={IEEE}
}

@inproceedings{chiticariu2010systemt,
  title={SystemT: an algebraic approach to declarative information extraction},
  author={L. Chiticariu et al.},
  booktitle={Proceedings of ACL},
  year={2010}
}

@inproceedings{karlsson1990constraint,
  title={Constraint grammar as a framework for parsing running text},
  author={Karlsson, F.},
  booktitle={Proceedings of COLING},
  volume={3},
  pages={168--173},
  year={1990},
  organization={ACL},
}

@inproceedings{appelt1998common,
  title={The common pattern specification language},
  author={Appelt, D.E. and Onyshkevych, B.},
  booktitle={TIPSTER workshop},
  year={1998},
  organization={ACL},
}

@incollection{lee2011buy,
  title={Buy, sell, or hold? information extraction from stock analyst reports},
  author={Lee, Y. and Geierhos, M.},
  booktitle={Modeling and Using Context},
  pages={173--184},
  year={2011},
  publisher={Springer}
}

@inproceedings{atzmueller2008rule,
  title={Rule-Based Information Extraction for Structured Data Acquisition using TextMarker},
  author={M. Atzmueller et al.},
  booktitle={Proceedings of LWA},
  year={2008},
  organization={Citeseer}
}

@inproceedings{urbain2012user,
  title={User-driven relational models for entity-relation search and extraction},
  author={Urbain, J.},
  booktitle={Proceedings of JIWES},
  year={2012},
  organization={ACM}
}

@inproceedings{traboulsi2009arabic,
  title={Arabic named entity extraction: A local grammar-based approach},
  author={Traboulsi, H.},
  booktitle={IMCSIT},
  year={2009},
  organization={IEEE}
}

@inproceedings{hammo2002qarab,
  title={QARAB: A question answering system to support the Arabic language},
  author={B. Hammo et al.},
  booktitle={Proceedings of SEMITIC},
  pages={1--11},
  year={2002},
  organization={ACL},
}

%%%%%%Jad NER%%%%%%%%%%%

@inproceedings{zaghouani2010adapting,
  title={Adapting a resource-light highly multilingual named entity recognition system to arabic},
  author={W. Zaghouani et al.},
  booktitle={Proceedings of LREC},
  pages={563--567},
  year={2010}
}

@article{shaalan2009nera,
  title={NERA: Named entity recognition for arabic},
  author={Shaalan, K. and Raza, H.},
  journal={JASIST},
  volume={60},
  number={8},
  year={2009},
  publisher={Wiley Online Library}
}

%%%% preliminaries%%%%%%

@inproceedings{beesley2001finite,
  title={Finite-state morphological analysis and generation of Arabic at Xerox Research: Status and plans in 2001},
  author={Beesley, K.R.},
  booktitle={ACL Workshop on Arabic Language Processing: Status and Perspective},
  volume={1},
  pages={1--8},
  year={2001}
}

@article{mohri2005local,
  title={Local grammar algorithms},
  author={Mohri, M.},
  journal={Inquiries into Words, Constraints and Contexts},
  pages={84},
  year={2005}
}

@book{margner2012guide,
  title={Guide to OCR for arabic scripts},
  author={M{\"a}rgner, V. and El Abed, H.},
  year={2012},
  publisher={Springer}
}

@inproceedings{rashwan2012robust,
  title={A robust omnifont open-vocabulary arabic OCR system using pseudo-2D-HMM},
  author={A. Rashwan et al.},
  booktitle={IS\&T/SPIE Electronic Imaging},
  pages={829707--829707},
  year={2012},
  organization={International Society for Optics and Photonics}
}

@book{sipser2006introduction,
  title={Introduction to the Theory of Computation},
  author={Sipser, M.},
  volume={2},
  year={2006},
  publisher={Thomson Course Technology Boston}
}

@article{ekbal2010named,
  title={Named Entity Recognition using Support Vector Machine: A Language Independent Approach.},
  author={Ekbal, A. and Bandyopadhyay, S.},
  journal={IJCSSE},
  volume={4},
  number={2},
  year={2008}
}

@article{abdelrahman2010integrated,
  title={Integrated machine learning techniques for arabic named entity recognition},
  author={S. AbdelRahman et al.},
  journal={IJCSI},
  volume={7},
  pages={27--36},
  year={2010}
}

@book{soudi2007arabic,
  title={Arabic computational morphology: knowledge-based and empirical methods},
  author={A. Soudi et al.},
  year={2007},
  publisher={Springer}
}

@article{habash2010introduction,
  title={Introduction to Arabic natural language processing},
  author={Habash, N.Y.},
  journal={Synthesis Lectures on Human Language Technologies},
  year={2010},
  publisher={Morgan \& Claypool Publishers}
}

@incollection{nolan2014javascript,
  title={JavaScript Object Notation},
  author={Nolan, D. and Lang, D.T.},
  booktitle={XML and Web Technologies for Data Sciences with R},
  year={2014},
  publisher={Springer}
}

@inproceedings{ogren2006knowtator,
  title={Knowtator: a prot{\'e}g{\'e} plug-in for annotated corpus construction},
  author={Ogren, P.V.},
  booktitle={NAACL-Demonstrations},
  year={2006},
  organization={ACL},
}

@article{gennari2003evolution,
  title={The evolution of Prot{\'e}g{\'e}: an environment for knowledge-based systems development},
  author={J. Gennari et al.},
  journal={International Journal of Human-computer studies},
  volume={58},
  number={1},
  pages={89--123},
  year={2003},
  publisher={Elsevier}
}

@inproceedings{settles2011closing,
  title={Closing the loop: Fast, interactive semi-supervised annotation with queries on features and instances},
  author={Settles, B.},
  booktitle={Proceedings of EMNLP},
  pages={1467--1478},
  year={2011},
  organization={ACL},
}
