@inproceedings{shahrour2016camelparser,
  title={Camelparser: A system for {A}rabic syntactic analysis and morphological disambiguation},
  author={Shahrour, A. and Khalifa, S. and Taji, D. and Habash, N.},
  booktitle={COLING Demonstrations},
  pages={228--232},
  year={2016}
}

@inproceedings{pasha2014madamira,
  title={MADAMIRA: A Fast, Comprehensive Tool for Morphological Analysis and Disambiguation of {A}rabic},
  author={Pasha, Arfath and Al-Badrashiny, Mohamed and Diab, Mona T and El Kholy, Ahmed and Eskander, Ramy and Habash, Nizar and Pooleery, Manoj and Rambow, Owen and Roth, Ryan},
  booktitle={LREC},
  volume={14},
  pages={1094--1101},
  year={2014}
}

@inproceedings{benajiba2007anersys,
  title={Anersys: An {A}rabic named entity recognition system based on maximum entropy},
  author={Benajiba, Yassine and Rosso, Paolo and Bened{\'\i}ruiz, Jos{\'e} Miguel},
  booktitle={International Conference on Intelligent Text Processing and Computational Linguistics},
  pages={143--153},
  year={2007},
  organization={Springer}
}

@inproceedings{benajiba2008arabic,
  title={{A}rabic named entity recognition using optimized feature sets},
  author={Benajiba, Yassine and Diab, Mona and Rosso, Paolo},
  booktitle={Proceedings of the Conference on Empirical Methods in Natural Language Processing},
  pages={284--293},
  year={2008},
  organization={Association for Computational Linguistics}
}

@article{cowie1996information,
  title={Information extraction},
  author={Cowie, J. and Lehnert, W.},
  journal={Communications of the ACM},
  volume={39},
  number={1},
  pages={80--91},
  year={1996},
  publisher={ACM}
}

@incollection{piskorski2013information,
  title={Information Extraction: Past, Present and Future},
  author={Piskorski, J. and Yangarber, R.},
  booktitle={Multi-source, Multilingual Information Extraction and Summarization},
  pages={23--49},
  year={2013},
  publisher={Springer}
}

@incollection{linckels2011natural,
  title={Natural Language Processing},
  author={Linckels, S. and Meinel, C.},
  booktitle={E-Librarian Service},
  pages={61--79},
  year={2011},
  publisher={Springer}
}

@incollection{ferilli2011natural,
  title={Natural Language Processing},
  author={Ferilli, S.},
  booktitle={Automatic Digital Document Processing and Management},
  year={2011},
  publisher={Springer}
}


%%%%%%%%%% Tagger References %%%%%%%%%%%%%%%%

@article{mmax2,
  title={Multi-level annotation of linguistic data with {MMAX2}},
  author={M{\"u}ller, C. and Strube, M.},
  journal={Corpus technology and language pedagogy: New resources, new tools, new methods},
  year={2006},
}

@inproceedings{agtk,
  title={Annotation Tools for Large-Scale Corpus Development: Using AGTK at the Linguistic Data Consortium},
  author={Maeda, K. and Strassel, S.},
  booktitle={LREC},
  year={2004}
}

@inproceedings{brat,
  title={BRAT: a web-based tool for NLP-assisted text annotation},
  author={Stenetorp, P. and Pyysalo, S. and Topi{\'c}, G. and Ohta, T. and Ananiadou, S. and Tsujii, J.},
  booktitle={EACL Demonstrations},
  pages={102--107},
  year={2012},
  organization={ACL}
}

@inproceedings{wordfreak,
  title={WordFreak: an open tool for linguistic annotation},
  author={Morton, T. and LaCivita, J.},
  booktitle={HLT/NAACL},
  year={2003},
}

@article{englishtreebank,
  title={Building a large annotated corpus of English: The Penn Treebank},
  author={Marcus, Mitchell P and Marcinkiewicz, Mary Ann and Santorini, Beatrice},
  journal={Computational linguistics},
  volume={19},
  number={2},
  pages={313--330},
  year={1993},
  publisher={MIT Press}
}

@article{chinesetreebank,
  title={The Penn Chinese TreeBank: Phrase structure annotation of a large corpus},
  author={Xue, Naiwen and Xia, Fei and Chiou, Fu-Dong and Palmer, Martha},
  journal={Natural language engineering},
  volume={11},
  number={2},
  pages={207--238},
  year={2005},
  publisher={Cambridge Univ Press}
}

@inproceedings{arabictreebank,
  title={The penn {A}rabic treebank: Building a large-scale annotated {A}rabic corpus},
  author={Maamouri, Mohamed and Bies, Ann and Buckwalter, Tim and Mekki, Wigdan},
  booktitle={NEMLAR Conference on Arabic Language Resources and Tools},
  pages={102--109},
  year={2004}
}

@article{arabicmorph,
  title={{A}rabic morphological analysis techniques: A comprehensive survey},
  author={Al-Sughaiyer, I.A. and Al-Kharashi, I.A.},
  journal={JASIST}, 
  year={2003},
  publisher={Wiley Online Library}
}

@inproceedings{alrahabi2006semantic,
  title={Semantic Annotation of Reported Information in {A}rabic},
  author={Alrahabi, Motasem and Ibrahim, Amr Helmy and Descl{\'e}s, Jean-Pierre},
  booktitle={FLAIRS Conference},
  volume={6},
  pages={263--268},
  year={2006}
}

@inproceedings{kholidy2010towards,
  title={Towards developing an {A}rabic word alignment annotation tool with some {A}rabic alignment guidelines},
  author={Kholidy, H.A. and Chatterjee, N.},
  booktitle={ISDA},
  pages={778--783},
  year={2010},
  organization={IEEE}
}

@inproceedings{saleh2009aratation,
  title={Ara{T}ation: an {A}rabic semantic annotation tool},
  author={Saleh, L.M.B. and Al-Khalifa, H.S.},
  booktitle={IIWAS},
  year={2009}
}

@article{attia2009fassieh,
  title={Fassieh, a semi-automatic visual interactive tool for morphological, PoS-Tags, phonetic, and semantic annotation of {A}rabic text corpora},
  author={Attia, Mohamed and Rashwan, Mohsen and Al-Badrashiny, Mohamed},
  journal={IEEE transactions on audio, speech, and language processing},
  volume={17},
  number={5},
  pages={916--925},
  year={2009}
}

@article{dukes2013supervised,
  title={Supervised collaboration for syntactic annotation of Quranic {A}rabic},
  author={Dukes, Kais and Atwell, Eric and Habash, Nizar},
  journal={Language resources and evaluation},
  volume={47},
  number={1},
  pages={33--62},
  year={2013},
  publisher={Springer}
}

@article{dorr2010interlingual,
  title={Interlingual annotation of parallel text corpora: a new framework for annotation and evaluation},
  author={Dorr, Bonnie J and Passonneau, Rebecca J and Farwell, David and Green, Rebecca and Habash, Nizar and Helmreich, Stephen and Hovy, Eduard and Levin, Lori and Miller, Keith J and Mitamura, Teruko and others},
  journal={NLE},
  volume={16},
  number={3},
  pages={197--243},
  year={2010}
}

@inproceedings{habash2006arabic,
  author = {Habash, N. and Sadat, F.},
  title = {{A}rabic Preprocessing Schemes for Statistical Machine Translation},
  booktitle = {NAACL},
  year = {2006},
  location = {New York, New York},
  pages = {49--52},
} 

@InProceedings{JaZaMatar,
  author    = {Jaber, A. and Zaraket, F.},
  title     = {{MATA}r: Morphology-based Tagger for {A}rabic},
  booktitle = {AICCSA},
  month     = {May},
  year      = {2013},
}

@techreport{Buckwalter:02,
    author={Buckwalter, T.},
    title="Buckwalter {A}rabic Morphological Analyzer Version 1.0",
    year = "2002",
    publisher = "LDC2002L49",
}

@InProceedings{ZaMaColing2012DemosSarf,
  author    = {Zaraket, F.  and  Makhlouta, J.},
  title     = {{A}rabic Morphological Analyzer with Agglutinative Affix Morphemes and Fusional Concatenation Rules},
  booktitle = {COLING},
  month     = {December},
  year      = {2012},
  address   = {Mumbai, India}
}

@inproceedings{ZaMaHaCicling2012Entity,
  title={{A}rabic entity graph extraction using morphology, finite state machines, and graph transformations},
  author={Makhlouta, J. and Zaraket, F. and Harkous, H.},
  booktitle={CICLing},
  pages={297--310},
  year={2012},
  organization={Springer}
}

@inproceedings{ZaMaFlairs2012HadithBio,
  author    = {Zaraket, F. A. and Makhlouta, J.},
  title     = {{A}rabic Cross-Document {NLP} for the Hadith and Biography Literature},
  booktitle = {FLAIRS},
  year      = {2012},
  month = {May},
}
  %address = {Marco Island, Florida},

@article{ZaMa2012IJCLATime,
  title={{A}rabic Temporal Entity Extraction using Morphological Analysis},
  author={Zaraket, F.A. and Makhlouta, J.},
  journal={IJCLA},
  volume={3},
  pages={121-136},
  year={2012},
}

@article{kulick2010consistent,
  title={Consistent and flexible integration of morphological annotation in the {A}rabic Treebank},
  author={Kulick, S.},
  journal={LREC},
  year={2010}
}

@inproceedings{smrz2004morphotrees,
  title={Morphotrees of {A}rabic and their annotation in the TrEd environment},
  author={Smrz, O. and Pajas, P.},
  booktitle={NEMLAR International Conference on Arabic Language Resources and Tools},
  year={2004}
}

%%%%%%% End %%%%%%%%%%%%%


%%%%%%%% SynSet References %%%%%%%%%%%%

@article{intro,
  title={Introduction to {W}ord{N}et: An on-line lexical database},
  author={Miller, George A and Beckwith, Richard and Fellbaum, Christiane and Gross, Derek and Miller, Katherine J},
  journal={International journal of lexicography},
  volume={3},
  number={4},
  pages={235--244},
  year={1990},
  publisher={Oxford Univ Press}
}

@article{nouns,
  title={Nouns in {W}ord{N}et: a lexical inheritance system},
  author={Miller, G.A.},
  journal={International journal of Lexicography},
  volume={3},
  number={4},
  pages={245--264},
  year={1990},
  publisher={Oxford Univ Press}
}

@article{adjectives,
  title={Adjectives in {W}ord{N}et},
  author={Gross, D. and Miller, K.J.},
  journal={International Journal of Lexicography},
  volume={3},
  number={4},
  pages={265--277},
  year={1990},
  publisher={Oxford Univ Press}
}

@article{vossen1998introduction,
  title={Introduction to eurowordnet},
  author={Vossen, P.},
  journal={Computers and the Humanities},
  volume={32},
  number={2-3},
  pages={73--89},
  year={1998},
  publisher={Springer}
}

@inproceedings{jarrar2011arabic,
  title={{A}rabic ontology engineering-challenges and opportunities},
  author={Jarrar, M.},
  booktitle={Proceedings of ISWSA},
  pages={2},
  year={2011},
  organization={ACM}
}

@inproceedings{black2006introducing,
  title={Introducing the {A}rabic {W}ord{N}et project},
  author={Black, William and Elkateb, Sabri and Vossen, Piek},
  booktitle={Proceedings of the third International WordNet Conference},
  year={2006},
  organization={Citeseer}
}

@inproceedings{reiss2008algebraic,
  title={An algebraic approach to rule-based information extraction},
  author={Reiss, Frederick and Raghavan, Sriram and Krishnamurthy, Rajasekar and Zhu, Huaiyu and Vaithyanathan, Shivakumar},
  booktitle={IEEE 24th International Conference on Data Engineering},
  pages={933--942},
  year={2008}
}

@inproceedings{chiticariu2010systemt,
  title={SystemT: an algebraic approach to declarative information extraction},
  author={Chiticariu, Laura and Krishnamurthy, Rajasekar and Li, Yunyao and Raghavan, Sriram and Reiss, Frederick R and Vaithyanathan, Shivakumar},
  booktitle={Proceedings of the Association for Computational Linguistics},
  pages={128--137},
  year={2010}
}

@inproceedings{karlsson1990constraint,
  title={Constraint grammar as a framework for parsing running text},
  author={Karlsson, F.},
  booktitle={Proceedings of COLING},
  volume={3},
  pages={168--173},
  year={1990},
  organization={ACL},
}

@inproceedings{appelt1998common,
  title={The common pattern specification language},
  author={Appelt, D.E. and Onyshkevych, B.},
  booktitle={TIPSTER workshop},
  year={1998},
  organization={ACL},
}

@incollection{lee2011buy,
  title={Buy, sell, or hold? information extraction from stock analyst reports},
  author={Lee, Y. and Geierhos, M.},
  booktitle={Modeling and Using Context},
  pages={173--184},
  year={2011},
  publisher={Springer}
}

@inproceedings{atzmueller2008rule,
  title={Rule-Based Information Extraction for Structured Data Acquisition using TextMarker},
  author={Atzmueller, Martin and Kluegl, Peter and Puppe, Frank},
  booktitle={Proceedings of LWA},
  pages={1--7},
  year={2008},
  organization={Citeseer}
}

@inproceedings{urbain2012user,
  title={User-driven relational models for entity-relation search and extraction},
  author={Urbain, J.},
  booktitle={Proceedings of JIWES},
  year={2012},
  organization={ACM}
}

@inproceedings{traboulsi2009arabic,
  title={{A}rabic named entity extraction: A local grammar-based approach},
  author={Traboulsi, H.},
  booktitle={IMCSIT},
  year={2009},
  organization={IEEE}
}

@inproceedings{hammo2002qarab,
  title={QARAB: A question answering system to support the {A}rabic language},
  author={Hammo, Bassam and Abu-Salem, Hani and Lytinen, Steven},
  booktitle={Computational approaches to semitic languages},
  pages={1--11},
  year={2002},
  organization={ACL}
}

%%%%%%Jad NER%%%%%%%%%%%

@inproceedings{zaghouani2010adapting,
  title={Adapting a resource-light highly multilingual Named Entity Recognition system to {A}rabic},
  author={Zaghouani, Wajdi and Pouliquen, Bruno and Ebrahim, Mohamed and Steinberger, Ralf},
  booktitle={LREC},
  pages={563--567},
  year={2010}
}

@article{shaalan2009nera,
  title={NERA: Named entity recognition for {A}rabic},
  author={Shaalan, K. and Raza, H.},
  journal={JASIST},
  volume={60},
  number={8},
  year={2009},
  publisher={Wiley Online Library}
}

%%%% preliminaries%%%%%%

@inproceedings{beesley2001finite,
  title={Finite-state morphological analysis and generation of {A}rabic at Xerox Research: Status and plans in 2001},
  author={Beesley, K.R.},
  booktitle={ACL Workshop on Arabic Language Processing: Status and Perspective},
  volume={1},
  pages={1--8},
  year={2001}
}

@article{mohri2005local,
  title={Local grammar algorithms},
  author={Mohri, M.},
  journal={Inquiries into Words, Constraints and Contexts},
  pages={84},
  year={2005}
}

@book{margner2012guide,
  title={Guide to OCR for {A}rabic scripts},
  author={M{\"a}rgner, V. and El Abed, H.},
  year={2012},
  publisher={Springer},
}

@inproceedings{rashwan2012robust,
  title={A robust omnifont open-vocabulary {A}rabic OCR system using pseudo-2D-HMM},
  author={Rashwan, Abdullah M and Rashwan, Mohsen A and Abdel-Hameed, Ahmed and Abdou, Sherif and Khalil, Ahmed Husien},
  booktitle={IS\&T/SPIE Electronic Imaging},
  year={2012},
  organization={International Society for Optics and Photonics}
}

@book{sipser2012introduction,
  title={Introduction to the Theory of Computation},
  author={Sipser, Michael},
  year={2012},
  publisher={Cengage Learning}
}

@article{ekbal2010named,
  title={Named Entity Recognition using Support Vector Machine: A Language Independent Approach},
  author={Ekbal, A. and Bandyopadhyay, S.},
  journal={IJCSSE},
  volume={4},
  number={2},
  year={2008}
}

@article{abdelrahman2010integrated,
  title={Integrated Machine Learning Techniques for {A}rabic Named Entity Recognition},
  author={AbdelRahman, Samir and Elarnaoty, Mohamed and Magdy, Marwa and Fahmy, Aly},
  journal={International Journal of Computer Science Issues},
  volume={7},
  pages={27--36},
  number={4},
  year={2010}
}

@book{soudi2007arabic,
  title={{A}rabic computational morphology: knowledge-based and empirical methods},
  author={Soudi, Abdelhadi and Neumann, G{\"u}nter and Van den Bosch, Antal},
  year={2007},
  publisher={Springer}
}

@article{habash2010introduction,
  title={Introduction to {A}rabic natural language processing},
  author={Habash, N.Y.},
  journal={Synthesis Lectures on Human Language Technologies},
  year={2010},
  publisher={Morgan \& Claypool Publishers}
}

@incollection{nolan2014javascript,
  title={JavaScript Object Notation},
  author={Nolan, D. and Lang, D.T.},
  booktitle={XML and Web Technologies for Data Sciences with R},
  year={2014},
  publisher={Springer}
}

@inproceedings{ogren2006knowtator,
  title={Knowtator: a prot{\'e}g{\'e} plug-in for annotated corpus construction},
  author={Ogren, P.V.},
  booktitle={NAACL-Demonstrations},
  year={2006},
  organization={ACL},
}

@article{gennari2003evolution,
  title={The evolution of Prot{\'e}g{\'e}: an environment for knowledge-based systems development},
  author={Gennari, John and Musen, Mark and Fergerson, Ray and Grosso, William and Crub{\'e}zy, Monica and Eriksson, Henrik and Noy, Natalya and Tu, Samson},
  journal={International Journal of Human-Computer Studies},
  volume={58},
  number={1},
  pages={89--123},
  year={2003},
  publisher={Elsevier}
}

@inproceedings{settles2011closing,
  title={Closing the loop: Fast, interactive semi-supervised annotation with queries on features and instances},
  author={Settles, B.},
  booktitle={Proceedings of EMNLP},
  pages={1467--1478},
  year={2011},
  organization={ACL},
}