%
%  $Description: bibliography$
%
%  $Author: zaraket $
%  $Date: 2007/06/12 15:29:41 $
%  $Revision: 1.4 $
%
%TECHREPORT citation_key,
%            required_fields [, optional_fields] 
% Required fields: author, title, institution, year
% Optional fields: type, number, address, month, note, key 
%author = {Mohamed Maamouri, Ann Bies, Seth Kulick, Wajdi Zaghouani, Dave Graff and Mike Ciul},

@misc{blind,
title  = "{Omitted for Blind Review.}",
}

@string{PROC = "Proceedings of the"}
@string{infocom = "IEEE Infocom"}
@string{icse = "International Conference on Software Engineering"}
@String{DAC = "Design Automation Conference"}
@String{DAC01 = DAC }
@String{MIT-P = "MIT Press, Cambridge, MA"}
@String{NAI = "National Conference on Artificial Intelligence"}
@String{NAI97 = PROC # NAI}
@String{PROC = "Proceedings of the "}
@string{iccd = "International Conference on Computer Design"}
@string{erl = "Electronics Research Lab"}
@string{fmsd = "Journal of Formal Methods in System Design"}
@String{date = "Design Automation and Test in Europe"};

@incollection{Benajiba:07,
  title={Anersys: An {A}rabic named entity recognition system based on maximum entropy},
  author={Benajiba, Yassine and Rosso, Paolo and Bened{\'\i}ruiz, {Jos{\'e} Miguel}},
  booktitle={Computational Linguistics and Intelligent Text Processing},
  pages={143--153},
  year={2007},
  publisher={Springer}
}

%TECHREPORT citation_key,
%            required_fields [, optional_fields] 
% Required fields: author, title, institution, year
% Optional fields: type, number, address, month, note, key 
%author = {Mohamed Maamouri, Ann Bies, Seth Kulick, Wajdi Zaghouani, Dave Graff and Mike Ciul},
@TECHREPORT{arabtex,
	author= {Klaus Legally},
	title= {ArabTex: Typesetting {A}rabic and Hebrew, User Manual Version 4.00},
	type= {Technical Report 2004/03}, 
	institution= {Fakultat Informatik, Universitat Stuttgart},
	year= {2004},
	month= {March},
}

@book{IntroNHabash,
    author= {Nizar Y., Habash},
    title={Introduction to {A}rabic Natural Language Processing},
    publisher={Morgan \& Claypool},
    year={2009},
}

@article{Aoe:89,
    author = {Aoe, Jun-ichi},
    title = {An Efficient Digital Search Algorithm by Using a Double-Array Structure},
    journal = {IEEE Transactions on Software Engineering},
    volume = {15},
    number = {9},
    year = {1989},
    pages = {1066--1077},
}
%month = {May},

@inproceedings{Habash:06,
    author = {Habash, {Nizar Y} and Sadat, Fatiha},
    title = {{A}rabic preprocessing schemes for statistical machine translation},
    booktitle = {Proceedings of the North American Chapter of the Association for Computational Linguistics(NAACL)},
    year = {2006},
    pages = {49--52},
}

@inproceedings{Darwish:02,
    author = {Darwish, Kareem},
    title = {Building a shallow {A}rabic Morphological Analyzer in one day},
    booktitle = {Proceedings of the ACL-02 workshop on Computational approaches to semitic languages},
    year = {2002},
}

@inproceedings{Khoja:01,
    author = {Khoja, Shereen},
    title = {APT: {A}rabic Part of Speech Tagger},
    booktitle = {NAACL student research workshop},
    year = {2001},
}

@book{IbnHanbal,
    author= {{Ibn Hanbal}, Ahmad},
    title={Musnad Ahmad},
    publisher={Noor Foundation},
    year={2005},
    month={August}
}
@book{AlAskari,
    author= {Al~Askari, Mortada},
    title={Maalim al Madrasatayn},
    publisher={Bitha},
    year={1984},
    volume={2},
}

    %author={Al Tousi, Mohammad bin Hasan (996-1068)},
@book{AlTousi,
    author={{Al Tousi}, {Mohammad bin Hasan}},
    title={Al Istibsar},
    publisher={Taaruf},
    year={1995},
    month={June}
}

    %author= {Al Kulayni, Muhammad ibn Yaaqub(850s-941)},
@book{AlKulayni,
    author= {{Al Kulayni}, {Muhammad ibn Yaaqub}},
    title={Kitab al-Kafi},
    publisher={Taaruf},
    year={1996},
    month={May}
}

@book{Badawi:04,
    author= {Badawi, Elsaid and Carter, Mike and Gully, Adrian},
    title={Modern Written {A}rabic: A Comprehensive Grammar},
    year={2004},
    publisher = {Routledge},
    address={New York},
}

@inproceedings{SAMAmain,
    author = { 	Maamouri, Mohamed and Graff, David and Bouziri, Basma and Krouna, Sondos and Bies, Ann and Kulick, Seth},
    title = {LDC Standard {A}rabic Morphological Analyzer (SAMA) Version 3.1},
    booktitle = {LDC2010L01. Web Download. Philadelphia: Linguistic Data Consortium},
    year = {2010}
}
 	
@inproceedings{Kulick:10,
    author = {Kulick, Seth and Bies, Ann and Maamouri, Mohamed},
    title = {Consistent and Flexible Integration of Morphological Annotation in the {A}rabic Treebank},
    booktitle = {Proceedings of the Seventh conference on International Language Resources and Evaluation (LREC'10)},
    year = {2010},
    address= {Valletta, Malta},
}
%    month = {May},

@article{Sughaiyer:04,
    author = {Al-Sughaiyer, Imad and Al-Kharashi, Ibrahim},
    title = {{A}rabic morphological analysis techniques: a comprehensive survey},
    journal = {American Society for Information Science and Technology},
    volume = {55},
    number = {3},
    year = {2004},
    pages = {189--213},
    publisher = {John Wiley \& Sons, Inc.},
    address = {New York, NY, USA},
}

@inproceedings{Maamouri:04,
    author = {Maamouri, Mohamed and Bies, Ann},
    title = {Developing an {A}rabic treebank: methods, guidelines, procedures, and tools},
    booktitle = {Semitic '04: Proceedings of the Workshop on Computational Approaches to {A}rabic Script-based Languages},
    year = {2004},
    pages = {2--9},
}

@techreport{Buckwalter:02,
    author={Buckwalter, Timothy},
    title="Buckwalter {A}rabic Morphological Analyzer Version 1.0",
    year = "2002",
    publisher = "LDC catalog number LDC2002L49",
    institution = "LDC catalog number LDC2002L49",
}

@inproceedings{Beesley:01,
    author = {Beesley, Keneth}, 
    title = "Finite-State Morphological Analysis and Generation of {A}rabic at Xerox Research: Status and Plans",
    booktitle = {Workshop Proceedings on {A}rabic Language Processing: Status and Prospects},
    year = {2001},
    pages = {1--8},
    address = {Toulouse, France},
}


@inproceedings{Otakar:07,
    author = {Smr\v{z}, Otakar},
    title = {ElixirFM: implementation of functional {A}rabic morphology},
    booktitle = {Semitic '07: Proceedings of the 2007 Workshop on Computational Approaches to Semitic Languages},
    year = {2007},
    pages = {1--8},
    address= {Prague, Czech Republic},
}


@inproceedings{Habash:05,
    author = {Habash, Nizar and Rambow, Owen and Kiraz, George},
    title = {Morphological analysis and generation for {A}rabic dialects},
    booktitle = {Semitic '05: Proceedings of the ACL Workshop on Computational Approaches to Semitic Languages},
    year = {2005},
    pages = {17--24},
    address = {Morristown, NJ, USA},
}


@inproceedings{Buckwalter:04,
    author = {Buckwalter, Timothy},
    title = {Issues in {A}rabic orthography and morphology analysis},
    booktitle = {Semitic '04: Proceedings of the Workshop on Computational Approaches to {A}rabic Script-based Languages},
    year = {2004},
    pages = {31--4},
    address = {Morristown, NJ, USA},
}

@INBOOK{Issues:07,
    author = {Buckwalter, Timothy},
    title = "Issues in {A}rabic Morphological Analysis",
    series = "{A}rabic Computational Morphology",
    publisher = "Addison-Wesley",
    year = "2007",
    chapter = "3.4",
    publisher = "Springer",
}

@INBOOK{Diab:07,
	author={Diab, Mona and  Hacioglu, Kadri  and Jurafsky, Daniel},
	year={2007},
	title={{A}rabic Computational Morphology: Knowledge-based and Empirical Methods},
	chapter={9}, 
	pages={159--179},
	publisher={Springer},
	editor={Abdelhadi Soudi, Antal van den Bosch and Gunter Neumann},
}

@InProceedings{Habash:09,
    author = {Habash, Nizar and Rambow, Owen and Roth, Ryan},
    title = {MADA+TOKAN: A Toolkit for {A}rabic Tokenization, Diacritization, Morphological Disambiguation, {POS} Tagging, Stemming and Lemmatization},
    booktitle = {Proceedings of the Second International Conference on {A}rabic Language Resources and Tools},
    year = {2009},
    address = {Cairo, Egypt},
    editor = {Khalid Choukri and Bente Maegaard},
    publisher = {The MEDAR Consortium},
}
%month = {April},

@InProceedings{Maamouri:10,
    author = {Maamouri, Mohamed and Bies, Ann and Kulick, Seth and Zaghouani, Wajdi and Graff, David and Ciul, Mike},
    year = {2010},
    title = {From Speech to Trees: Applying Treebank Annotation to {A}rabic Broadcast News},
    booktitle = {Proceedings of the Seventh conference on International Language Resources and Evaluation (LREC'10)},
    address = {Valletta, Malta},
}
%month = {May},

@article{maamouri2010ldc,
  title={LDC Standard {A}rabic Morphological Analyzer (SAMA) v. 3.1},
  author={Maamouri, Mohamed and Graff, Dave and Bouziri, Basma and Krouna, Sondos and Kulick, Seth},
  journal={LDC Catalog No. LDC2010L01. ISBN},
  year={2010}
}

@Book{Abd00,
    author={AlRajehi, Abdeh},
    title={The morphological practice/At-tatbiq Assarfi},
    year={2000},
    publisher={Renaissance (An-nahda)},
    Edition={first},
    city={Beirut},
}

@Book{Abd001,
    author={AlRajehi, Abdeh},
    title={Semantical Practice/At-tatbiq Alnahawi},
    year={2000},
    publisher={Renaissance (nahda)},
    Edition={first},
    city={Beirut},
}

@techreport{Tim04,
    author={Buckwalter, Tim},
    title={Buckwalter {A}rabic morphological analyzer version 2.0},
    year={2004},
    institution={Linguistic Data Consortium (LDC) },
    number={LDC2004L02},
}

@book{Beesley:03,
    title = {Finite-State Morphology: {X}erox Tools and Techniques},
    author = {Beesley, Kenneth and Karttunen, Lauri},
    year = {2003},
    address = {Stanford},
    publisher = {CSLI}
}

@InProceedings{Attia:10,
	author    = {Attia, Mohammed  and  Toral, Antonio  and  Tounsi, Lamia  and  Pecina, Pavel  and  {van Genabith}, Josef},
	title     = {Automatic Extraction of {Arabic} Multiword Expressions},
	booktitle = {Proceedings of the Workshop on Multiword Expressions: from Theory to Applications (MWE 2010)},
	year      = {2010},
	address   = {Beijing, China},
	publisher = {Association for Computational Linguistics},
	pages     = {18--26},
}
%month     = {August},

%%%%%%%%%%%%%%%%%%%%%%%%%%%%%%%%%%%%%%%%%%%%%%%%%%%%%%%%%%%%%%%%%%%%%%%%%%%%%%%%%%%%%%%%%%%%%%%%%%%%%%%%%

%
%  $Description: bibliography$
%
%  $Author: zaraket $
%  $Date: 2007/06/12 15:29:41 $
%  $Revision: 1.4 $
%
%TECHREPORT citation_key,
%            required_fields [, optional_fields] 
% Required fields: author, title, institution, year
% Optional fields: type, number, address, month, note, key 
%author = {Mohamed Maamouri, Ann Bies, Seth Kulick, Wajdi Zaghouani, Dave Graff and Mike Ciul},

@InProceedings{Chaaben:10,
 author={{Cha{\^{a}}ben Kammoun}, Nouha and {Hadrich Belguith}, Lamia and {Ben Hamadou}, Abdelmajid},
 title={The MORPH2 new version: A robust morphological analyzer for {A}rabic texts},
 booktitle={JADT 2010: 10th International Conference on Statistical Analysis of Textual Data},
 series={JADT 2010},
 year={2010},
 city={Rome},
 country={Italy}
}
% month={june},

@MastersThesis{Attia:00,
 author={Attia, Mohamed and {Elaraby Ahmed}, Mohamed},
 title= {A large-scale computational processor of the {A}rabic morphology},
 institution={Cairo University},
 school={Faculty of Engineering},
 year={2000}
}

@INPROCEEDINGS{Attia:06b,
    author = {Attia, Mohammed},
    title = {An Ambiguity-Controlled Morphological Analyzer for Modern Standard {A}rabic Modelling Finite State Networks},
    year = {2006},
    booktitle={The Challenge of {A}rabic for NLP/MT Conference},
    publisher={The British Computer Society}
}

@INPROCEEDINGS{Maamouri:06,
    author = {Maamouri, Mohamed and Bies, Ann and Kulick, Seth},
    title = {Diacritization: A Challenge to {A}rabic Treebank Annotation and Parsing},
    booktitle = {THE BRITISH COMPUTER SOCIETY ARABIC NLP/MT CONFERENCE},
    year = {2006},
    publisher = {},
}

@INPROCEEDINGS{Alqrainy:08, 
    author={Alqrainy, S. and AlSerhan, H.M. and Ayesh, A.}, 
    booktitle={Computer Engineering Systems, 2008. ICCES 2008. International Conference on}, 
    title={Pattern-based algorithm for Part-of-Speech tagging {A}rabic text}, 
    year={2008}, 
    month={November},
    pages={119 -124}
}

@inproceedings{Elkateb:06,
  title={{A}rabic WordNet and the challenges of {A}rabic},
  author={Elkateb, Sabry and Black, William and Vossen, Piek and Farwell, David and Rodr{\'\i}guez, H and Pease, A and Alkhalifa, M},
  booktitle={Proceedings of {A}rabic NLP/MT Conference, London, UK},
  year={2006},
  organization={Citeseer}
}

@book{Spencer:91,
  title={Morphological theory: An introduction to word structure in generative grammar},
  author={Spencer, Andrew},
  volume={2},
  year={1991},
  publisher={Basil Blackwell Oxford}
}

@misc {Vajda,
    author={Vajda, Edward J.},
    title ={Typology},
    booktitle={Ling201 Course Material},
    publisher={Western Washington University},
    howpublished = {\url{http://pandora.cii.wwu.edu/vajda/ling201/test1materials/typology.htm}},
    year={2001}
}

@INBOOK{Issues:07,
    author = {Buckwalter, Timothy},
    title = "Issues in {A}rabic Morphological Analysis",
    series = "{A}rabic Computational Morphology",
    publisher = "Addison-Wesley",
    year = "2007",
    chapter = "3.4",
    publisher = "Springer",
}

@inproceedings{Rot08,
    author={Roth, Ryan and Rambow, Owen and Habash, Nizar and Diab, Mona and Rudin, Cynthia},
    year={2008},
    title={{A}rabic Morphological Tagging, Diacritization, and Lemmatization Using Lexeme Models and Feature Ranking},
    booktitle={Association for Computational Linguistics (ACL)},
    city={Columbus, Ohio},
}

@book{Sou07,
    author={Soudi, Abdelhadi and van den Bosch, Antal and Neumann, Guenter},
    title={{A}rabic Computational Morphology: Knowledge-based and Empirical Methods},
    year={2007},
    publisher={Springer},
}

@inproceedings{Bee89,
    author={ Beesley, K. and Buckwalter, T. and Newton, S.},
    year={1989},
    title={Two-level finite-state analysis of {A}rabic morphology},
    journal={Seminar on Bilingual Computing in {A}rabic and English},
    booktitle={Seminar on Bilingual Computing in {A}rabic and English},
    city={Cambridge, England},
}

@article{Dao09,
       title = {Synchronized morphological and syntactic disambiguation for {{A}rabic}},
       author = {Daoud, Daoud},
       year = {2009},
       journal = {Advances in Computational Linguistics},
       volume ={41},
       pages={73-86},
}

@inproceedings{Rog03,
     author = {Rogati, Monica and McCarley, Scott and Yang, Yiming},
     title = {Unsupervised learning of {Arabic} stemming using a parallel corpus},
     booktitle = {Annual Meeting on Association for Computational Linguistics},
     series = {ACL '03},
     year = {2003},
     location = {Sapporo, Japan},
     pages = {391--398},
     publisher = {Association for Computational Linguistics},
} 

@inproceedings{Tou09,
    author = {Toutanova, Kristina and Cherry, Colin},
    title = {A global model for joint lemmatization and part-of-speech prediction},
    booktitle = {Annual Meeting of the ACL and  Natural Language Processing of the AFNLP},
    series = {ACL-NLP},
    year = {2009},
    location = {Suntec, Singapore},
    pages = {486--494},
    publisher = {Association for Computational Linguistics},
}

@inproceedings{Smi10,
    author = {Smith, Jason R. and Quirk, Chris and Toutanova, Kristina},
    title = {Extracting parallel sentences from comparable corpora using document level alignment},
    booktitle = {Human Language Technologies: Annual Conference of the North American Chapter of the Association for Computational Linguistics},
    series = {HLT '10},
    year = {2010},
    location = {Los Angeles, California},
    pages = {403--411},
    publisher = {Association for Computational Linguistics},
}

@inproceedings{AlSham08,
    author = {Al-Shammari, Eiman and Lin, Jessica},
    title = {A novel {Arabic} lemmatization algorithm},
    booktitle = {Analytics for noisy unstructured text data},
    series = {AND '08},
    year = {2008},
    location = {Singapore},
    pages = {113--118},
    publisher = {ACM},
} 

﻿@incollection {MWE,
   author = {Sag, Ivan and Baldwin, Timothy and Bond, Francis and Copestake, Ann and Flickinger, Dan},
   affiliation = {CSLI, Ventura Hall, Stanford University Stanford, 94305-4115 CA USA},
   title = {Multiword Expressions: A Pain in the Neck for NLP},
   booktitle = {Computational Linguistics and Intelligent Text Processing},
   series = {Lecture Notes in Computer Science},
   editor = {Gelbukh, Alexander},
   publisher = {Springer Berlin / Heidelberg},
   isbn = {},
   pages = {189-206},
   volume = {2276},
   year = {2002}
}

﻿@incollection {Attia:06,
   author = {Attia, Mohammed},
   affiliation = {School of Informatics, The University of Manchester UK UK},
   title = {Accommodating Multiword Expressions in an Arabic LFG Grammar},
   booktitle = {Advances in Natural Language Processing},
   series = {Lecture Notes in Computer Science},
   editor = {Salakoski, Tapio and Ginter, Filip and Pyysalo, Sampo and Pahikkala, Tapio},
   publisher = {Springer Berlin / Heidelberg},
   isbn = {},
   pages = {87-98},
   volume = {4139},
   year = {2006}
}

@INPROCEEDINGS{Attia:05,
    author = {Attia, Mohammed},
    title = {Developing Robust {Arabic} Morphological Transducer Using Finite State Technology},
    booktitle = {8th Annual CLUK Research Colloquium},
    year = {2005}
}

@misc{ATMine09,
    key={website},
    title={{A}rabic text mining framework },
    howpublished={\url{http://code.google.com/p/atmine/}},
    url={http://code.google.com/p/atmine/},
    year={2009},
}


@article{Al-Azami-91,
       title = {A note on work in progress on computerization of hadith},
       author = {M. Mustafa Al Azami},
       year = {1991},
       journal = {Journal of Islamic studies},
       volume ={2},
       number = {1},
}
       %pages={86-91},

@article{Azmi-2010,
       title = {e-{N}arrator: an application for creating an ontology of hadiths narration tree semantically and graphically},
       author={Aqil Azmi and Nawaf bin Badia},
       year = {2010},
       month={Dec.}, 
       journal = {\em The Arabian journal of Science and Technology}, 
       volume ={35},
       number = {2C},
       pages={86-91},
}

@INPROCEEDINGS{Traboulsi:09, 
author={Traboulsi, H.}, 
booktitle={International Multiconference on Computer Science and Information Technology},
title={{Arabic} named entity extraction: A local grammar-based approach}, 
year={2009}, 
}


@inproceedings{TAGARAB98,
    author    = {John Maloney and Michael Niv},
    title     = {{TAGARAB}: A Fast Accurate {Arabic} Name Recognizer Using High-Precision Morphological Analysis},
    booktitle = {Workshop on Computational Approaches to Semitic Languages},
    year      = {1998},
}

@InProceedings{ZAGHOUANI10,
    author = "Wajdi Zaghouani and Bruno Pouliquen and Mohamed Ebrahim and Ralf Steinberger",
    title = {Adapting a resource-light highly multilingual Named Entity Recognition system to {Arabic}},
    booktitle = {Language Resources and Evaluation Conference},
    year = {2010},
    month = {May},
    address = {Valletta, Malta},
}

@inproceedings{Abuleil04,
    author    = {Saleem Abuleil},
    title     = {Extracting Names From {Arabic} Text for Question-Answering Systems},
    booktitle = {Recherche d'Information et ses Applications (RIAO)},
    year      = {2004},
    pages     = {638-647},
}

@article{ShaalanR09,
    author    = {Khaled F. Shaalan and Hafsa Raza},
    title     = {{NERA}: Named Entity Recognition for {Arabic}},
    journal   = {JASIST},
    volume    = {60},
    number    = {8},
    year      = {2009},
}

@inproceedings{ShaalanMF10,
    author    = {Khaled F. Shaalan and Marwa Magdy and
            Aly Fahmy},
    title     = {Morphological Analysis of Ill-Formed Arabic Verbs in Intelligent
        Language Tutoring Framework},
    booktitle     = {Applied Natural Language Processing, Florida Artificial Intelligence Research Society Conference}, 
    month={May},
    year      = {2010},
    publisher = {AAAI Press},
}

@InProceedings{StrasselACE08LREC, 
    author = {Stephanie Strassel, Mark Przybocki, Kay Peterson, Zhiyi Song and Kazuaki Maeda},
    title = {Linguistic Resources and Evaluation Techniques for Evaluation of Cross-Document Automatic Content Extraction},
    booktitle = {International Conference on Language Resources and Evaluation},
    year = {2008},
    month = {may},
    date = {28-30},
    address = {Marrakech, Morocco},
} 

@InProceedings{Regina2011,
    author = "Yoong Keok Lee and Aria Haghighi and Regina Barzila",
    title = "{Modeling Syntactic Context Improves Morphological Segmentation}",
    year = "2011",
    booktitle = "Conference on Computational Natural Language Learning (CoNLL)",
}
%    month = "June",


@inproceedings{ACLKulickBM11,
  author    = {Seth Kulick and
               Ann Bies and
               Justin Mott},
  title     = {Using Derivation Trees for Treebank Error Detection},
  booktitle = {Association for Computational
               Linguistics: Human Language Technologies}, 
  year      = {2011},
  pages     = {693-698},
  publisher = {The Association for Computer Linguistics},
}

@inproceedings{LRECMaamouriKB08,
  author    = {Maamouri, Mohamed and Kulick, Seth and Bies, Ann},
  title     = {Diacritic Annotation in the {A}rabic Treebank and its Impact
               on Parser Evaluation},
  booktitle = {International Conference on Language
               Resources and Evaluation},
  year      = {2008},
}
%  month     = {May},

@inproceedings{lrecKulickBM10,
  author    = {Kulick, Seth and Bies, Ann and Maamouri, Mohamed},
  title     = {Consistent and Flexible Integration of Morphological Annotation
               in the {A}rabic Treebank},
  booktitle = {International Conference on Language
               Resources and Evaluation},
  publisher = {European Language Resources Association},
  year      = {2010},
}


@inproceedings{ELRASemmar08,
  author    = {Nasredine, Semmar and Laib, Meriama and Fluhr, Christian},
  title     = {Evaluating a Natural Language Processing Approach in {A}rabic Information Retrieval},
  booktitle = {ELRA Workshop on Evaluation},
  year      = {2008},
}
%  month     = {May},

@misc{Hunspell,
    title={Hunspell Manual Page.},
    year={2012},
    howpublished={\url{http://www.linuxcertif.com/man/4/hunspell}}
}
%month={January},

@Book{Mosad09,
    author={Mosaad, Ziad},
    title={The Briefing of Morphology},
    year={2009},
    publisher={ As-{S}ahwa},
    Edition={first},
    city={Beirut},
}
%title={\RL{alwajyz fy al.sarf} (The Briefing of Morphology) }

@inproceedings{ATB32LDCNum,
    author = {Maamouri, Mohamed and Bies, Ann and Kulick, Seth and Krouna, Sondos and Gaddeche, Fatma and Zaghouani, Wajdi},
    year={2010},
    title={{A}rabic Treebank: Part 3 version 3.2},
    booktitle={Linguistic Data Consortium,LDC2010T08},
}

@inproceedings{LIMASemmar05,
    author = {Grefenstette, Gregory and Semmar, Nasredine and Elkateb-Gara, Fa\"{\i}za},
    title = {Modifying a natural language processing system for European languages to treat {A}rabic in information processing and information retrieval applications},
    booktitle = {ACL Workshop on Computational Approaches to Semitic Languages},
    year = {2005},
    location = {Ann Arbor, Michigan},
    pages = {31--37},
}

@inproceedings{LeeSegmentationLM03,
    author    = {Lee, Young-Suk and Papineni, Kishore and Roukos, Salim and Emam, Ossama and Hassan, Hany},
    title     = {Language Model Based {A}rabic Word Segmentation},
    booktitle = {Association for Computational Linguistics},
    month= {July},
    location={Sapporo, Japan},
    year      = {2003},
    pages     = {399-406},
}

@INPROCEEDINGS{PragueADTB04,
    author = {Jan, Haji\v{c} and Petr, Zem\`anek},
    title = {Prague {A}rabic dependency treebank: Development in data and tools},
    booktitle = {NEMLAR International Conference on {A}rabic Language Resources and Tools},
    year = {2004},
    pages = {110--117}
}

@inproceedings{beesley2001finite,
  title={Finite-state morphological analysis and generation of {A}rabic at Xerox Research: Status and plans in 2001},
  author={Beesley, Kenneth},
  booktitle={ACL Workshop on {A}rabic Language Processing: Status and Perspective},
  volume={1},
  pages={1--8},
  year={2001}
}


--------------------------------------------

@InProceedings{ZaMaColing2012DemosSarf,
  author    = {Zaraket, F.  and  Makhlouta, J.},
  title     = {{A}rabic Morphological Analyzer with Agglutinative Affix Morphemes and Fusional Concatenation Rules},
  booktitle = {COLING},
  year      = {2012},
  address   = {Mumbai, India}
}
%  month     = {December},

@InProceedings{JaZaMatar,
  author    = {Jaber, Ameen and Zaraket, Fadi},
  title     = {{MATA}r: Morphology-based Tagger for {A}rabic},
  booktitle = {AICCSA},
  year      = {2013},
  address   = {Fes, Morocco}
}
%  month     = {May},

@inproceedings{ZaMaFlairs2012HadithBio,
  author    = {Zaraket, Fadi and Makhlouta, Jad},
  title     = {{A}rabic Cross-Document {NLP} for the Hadith and Biography Literature},
  booktitle = {FLAIRS},
  year      = {2012},
}
%  month = {May},

@article{ZaMa2012IJCLATime,
  title={{A}rabic Temporal Entity Extraction using Morphological Analysis},
  author={Zaraket, Fadi and Makhlouta, J.},
  journal={IJCLA},
  volume={3},
  pages={121-136},
  year={2012},
}

@inproceedings{ZaMaHaCicling2012Entity,
  author    = {Makhlouta, J. and Zaraket, F. and Harkous, H.},
  title     = {{A}rabic Entity Graph Extraction Using Morphology, Finite State Machines, and Graph Transformations},
  booktitle = {CICLing},
  year      = {2012}
}

@article{habash2010introduction,
  title={Introduction to {A}rabic natural language processing},
  author={Habash, Nizar},
  journal={Synthesis Lectures on Human Language Technologies},
  volume={3},
  number={1},
  pages={1--187},
  year={2010},
  publisher={Morgan \& Claypool Publishers}
}

@InProceedings{pasha2014madamira,
  author={Pasha, A. and Al-Badrashiny, M. and {El Kholy}, A. and Eskander, R. and Diab, M. and Habash, N. and Pooleery, M. and Rambow, O. and Roth, R.},
  title = {MADAMIRA: A Fast, Comprehensive Tool for Morphological Analysis and Disambiguation of {A}rabic},
  booktitle = {Proceedings of the Ninth International Conference on Language Resources and Evaluation},
  year = {2014},
  address = {Reykjavik, Iceland},
  publisher = {European Language Resources Association}
}

@article{attia2009fassieh,
  title={Fassieh, a semi-automatic visual interactive tool for morphological, PoS-Tags, phonetic, and semantic annotation of {A}rabic Text Corpora},
  author={Attia, Mohamed and Rashwan, {Mohsen AA} and Al-Badrashiny, MASAA},
  journal={Audio, Speech, and Language Processing, IEEE Transactions on},
  volume={17},
  number={5},
  pages={916--925},
  year={2009},
  publisher={IEEE}
}
