@inproceedings{zaraket2013matar,
  title={MATAr: Morphology-based Tagger for Arabic},
  author={Zaraket, Fadi A and Jaber, Ameen},
  booktitle={Computer Systems and Applications (AICCSA), 2013 ACS International Conference on},
  pages={1--4},
  year={2013},
  organization={IEEE}
}