@article{cowie1996information,
  title={Information extraction},
  author={Cowie, Jim and Lehnert, Wendy},
  journal={Communications of the ACM},
  volume={39},
  number={1},
  pages={80--91},
  year={1996},
  publisher={ACM}
}

@incollection{piskorski2013information,
  title={Information Extraction: Past, Present and Future},
  author={Piskorski, Jakub and Yangarber, Roman},
  booktitle={Multi-source, Multilingual Information Extraction and Summarization},
  pages={23--49},
  year={2013},
  publisher={Springer}
}

@incollection{linckels2011natural,
  title={Natural Language Processing},
  author={Linckels, Serge and Meinel, Christoph},
  booktitle={E-Librarian Service},
  pages={61--79},
  year={2011},
  publisher={Springer}
}

@incollection{ferilli2011natural,
  title={Natural Language Processing},
  author={Ferilli, Stefano},
  booktitle={Automatic Digital Document Processing and Management},
  pages={199--222},
  year={2011},
  publisher={Springer}
}


%%%%%%%%%% Tagger References %%%%%%%%%%%%%%%%

@article{mmax2,
  title={Multi-level annotation of linguistic data with {MMAX2}},
  author={M{\"u}ller, Christoph and Strube, Michael},
  journal={Corpus technology and language pedagogy: New resources, new tools, new methods},
  volume={3},
  pages={197--214},
  year={2006},
}

@inproceedings{agtk,
  title={Annotation tools for large-scale corpus development: Using AGTK at the Linguistic Data Consortium},
  author={Maeda, Kazuaki and Strassel, Stephanie},
  booktitle={Proceedings of the Fourth International Conference on Language Resources and Evaluation},
  year={2004}
}

@article{brat,
  title={BRAT: a Web-based Tool for NLP-Assisted Text Annotation},
  author={Stenetorp, Pontus and Pyysalo, Sampo and Topic, Goran and Ohta, Tomoko and Ananiadou, Sophia and Tsujii, Jun'ichi},
  journal={EACL 2012},
  pages={102},
  year={2012}
}

@inproceedings{wordfreak,
  title={WordFreak: an open tool for linguistic annotation},
  author={Morton, Thomas and LaCivita, Jeremy},
  booktitle={Proceedings of the 2003 Conference of the North American Chapter of the Association for Computational Linguistics on Human Language Technology: Demonstrations-Volume 4},
  pages={17--18},
  year={2003},
  organization={Association for Computational Linguistics}
}

@article{englishtreebank,
  title={Building a large annotated corpus of English: The Penn Treebank},
  author={Marcus, Mitchell P and Marcinkiewicz, Mary Ann and Santorini, Beatrice},
  journal={Computational linguistics},
  volume={19},
  number={2},
  pages={313--330},
  year={1993},
  publisher={MIT Press}
}

@article{chinesetreebank,
  title={The Penn Chinese Treebank: Phrase structure annotation of a large corpus},
  author={Xue, Naiwen and Xia, Fei and Chiou, Fu-Dong and Palmer, Marta},
  journal={Natural Language Engineering},
  volume={11},
  number={2},
  pages={207},
  year={2005},
  publisher={Cambridge Univ Press}
}

@inproceedings{arabictreebank,
  title={The penn arabic treebank: Building a large-scale annotated arabic corpus},
  author={Maamouri, Mohamed and Bies, Ann and Buckwalter, Tim and Mekki, Wigdan},
  booktitle={NEMLAR Conference on {A}rabic Language Resources and Tools},
  pages={102--109},
  year={2004}
}

@article{arabicmorph,
  title={{A}rabic morphological analysis techniques: A comprehensive survey},
  author={Al-Sughaiyer, Imad A and Al-Kharashi, Ibrahim A},
  journal={Journal of the American Society for Information Science and Technology},
  volume={55},
  number={3},
  pages={189--213},
  year={2003},
  publisher={Wiley Online Library}
}

@article{alrahabi2006semantic,
  title={Semantic Annotation of Reported Information in {A}rabic},
  author={Alrahabi, Motasem and Ibrahim, Amr Helmy and Descl{\'e}s, Jean-Pierre},
  journal={FLAIRS 2006, Floride, 11-13 Mai},
  year={2006}
}

@inproceedings{kholidy2010towards,
  title={Towards developing an {A}rabic word alignment annotation tool with some {A}rabic alignment guidelines},
  author={Kholidy, Hisham A and Chatterjee, N},
  booktitle={Intelligent Systems Design and Applications (ISDA), 2010 10th International Conference on},
  pages={778--783},
  year={2010},
  organization={IEEE}
}

@inproceedings{saleh2009aratation,
  title={Ara{T}ation: an {A}rabic semantic annotation tool},
  author={Saleh, Layan M Bin and Al-Khalifa, Hend S},
  booktitle={Proceedings of the 11th International Conference on Information Integration and Web-based Applications \& Services},
  pages={447--451},
  year={2009},
  organization={ACM}
}

@article{attia2009fassieh,
  title={Fassieh{\={}}, a Semi-Automatic Visual Interactive Tool for Morphological, PoS-Tags, Phonetic, and Semantic Annotation of {A}rabic Text Corpora},
  author={Attia, Mohamed and Rashwan, M and Al-Badrashiny, MASAA},
  journal={Audio, Speech, and Language Processing, IEEE Transactions on},
  volume={17},
  number={5},
  pages={916--925},
  year={2009},
  publisher={IEEE}
}

@article{dukes2011supervised,
  title={Supervised collaboration for syntactic annotation of Quranic {A}rabic},
  author={Dukes, Kais and Atwell, Eric and Habash, Nizar},
  journal={Language Resources and Evaluation},
  pages={1--30},
  year={2011},
  publisher={Springer}
}

@article{dorr2010interlingual,
  title={Interlingual annotation of parallel text corpora: a new framework for annotation and evaluation},
  author={Dorr, Bonnie J and Passonneau, Rebecca J and Farwell, David and Green, Rebecca and Habash, Nizar and Helmreich, Stephen and Hovy, Eduard and Levin, Lori and Miller, Keith J and Mitamura, Teruko and others},
  journal={Natural Language Engineering},
  volume={16},
  number={3},
  pages={197},
  year={2010},
  publisher={Cambridge Univ Press}
}

@article{makhlouta2010aubsarf,
  title={AUBSarf: Compositional Non-deterministic Finite-state Automata for {A}rabic Morphological Analysis},
  author={Makhlouta, Jad and Harkous, Hamza},
  year={2010}
}

@inproceedings{habash2006arabic,
  author = {Habash, Nizar and Sadat, Fatiha},
  title = {Arabic Preprocessing Schemes for Statistical Machine Translation},
  booktitle = {Human Language Technology Conference of the NAACL},
  series = {NAACL-Short '06},
  year = {2006},
  location = {New York, New York},
  pages = {49--52},
} 

@techreport{Buckwalter:02,
    author={Buckwalter, Timothy},
    title="Buckwalter {A}rabic Morphological Analyzer Version 1.0",
    year = "2002",
    publisher = "LDC catalog number LDC2002L49",
    institution = "LDC catalog number LDC2002L49",
}

@InProceedings{ZaMaColing2012DemosSarf,
  author    = {Zaraket, Fadi  and  Makhlouta, Jad},
  title     = {{A}rabic Morphological Analyzer with Agglutinative Affix Morphemes and Fusional Concatenation Rules},
  booktitle = {Proceedings of COLING 2012: Demonstration Papers},
  month     = {December},
  year      = {2012},
  address   = {Mumbai, India},
  pages     = {517--526},
}

@inproceedings{ZaMaHaCicling2012Entity,
  author    = {Jad Makhlouta and
               Fadi A. Zaraket and
               Hamza Harkous},
  title     = {{A}rabic Entity Graph Extraction Using Morphology, Finite
               State Machines, and Graph Transformations},
  booktitle = {Computational Linguistics and Intelligent Text Processing, CICLing},
  month = { },
  year      = {2012},
  pages     = {297-310},
}

@inproceedings{ZaMaFlairs2012HadithBio,
  author    = {Fadi A. Zaraket and Jad Makhlouta},
  title     = {{A}rabic Cross-Document {NLP} for the Hadith and Biography Literature},
  booktitle = {Florida Artificial Intelligence Research Society Conference (FLAIRS)},
  year      = {2012},
  address = {Marco Island, Florida},
  month = {May},
}


@article{ZaMa2012IJCLATime,
  title={{A}rabic Temporal Entity Extraction using Morphological Analysis},
  author={Fadi A.  Zaraket and Jad Makhlouta},
  journal={International Journal of Computational Linguistics and Applications (IJCLA) },
  volume={3},
  pages={121-136},
  year={2012},
}

@article{kulick2010consistent,
  title={Consistent and flexible integration of morphological annotation in the Arabic Treebank},
  author={Kulick, Seth and Bies, Ann and Maamouri, Mohamed},
  journal={Language Resources and Evaluation (LREC)},
  year={2010}
}

@inproceedings{smrz2004morphotrees,
  title={Morphotrees of Arabic and their annotation in the TrEd environment},
  author={Smrz, Otakar and Pajas, Petr},
  booktitle={Proceedings of the NEMLAR International Conference on Arabic Language Resources and Tools},
  pages={38--41},
  year={2004}
}

%%%%%%% End %%%%%%%%%%%%%


%%%%%%%% SynSet References %%%%%%%%%%%%

@article{intro,
  title={Introduction to wordnet: An on-line lexical database*},
  author={Miller, G.A. and Beckwith, R. and Fellbaum, C. and Gross, D. and Miller, K.J.},
  journal={International journal of lexicography},
  volume={3},
  number={4},
  pages={235--244},
  year={1990},
  publisher={Oxford Univ Press}
}

@article{nouns,
  title={Nouns in WordNet: a lexical inheritance system},
  author={Miller, G.A.},
  journal={International journal of Lexicography},
  volume={3},
  number={4},
  pages={245--264},
  year={1990},
  publisher={Oxford Univ Press}
}

@article{adjectives,
  title={Adjectives in wordnet},
  author={Gross, D. and Miller, K.J.},
  journal={International Journal of Lexicography},
  volume={3},
  number={4},
  pages={265--277},
  year={1990},
  publisher={Oxford Univ Press}
}

@article{vossen1998introduction,
  title={Introduction to eurowordnet},
  author={Vossen, Piek},
  journal={Computers and the Humanities},
  volume={32},
  number={2-3},
  pages={73--89},
  year={1998},
  publisher={Springer}
}

@inproceedings{jarrar2011arabic,
  title={Arabic ontology engineering-challenges and opportunities},
  author={Jarrar, Mustafa},
  booktitle={Proceedings of the 2011 International Conference on Intelligent Semantic Web-Services and Applications},
  pages={2},
  year={2011},
  organization={ACM}
}

@inproceedings{black2006introducing,
  title={Introducing the Arabic wordnet project},
  author={Black, William and Elkateb, Sabri and Rodr{\'\i}guez, Horacio and Alkhalifa, Musa and Vossen, Piek and Pease, Adam and Fellbaum, Christiane},
  booktitle={Proceedings of the 3rd International WordNet Conference (GWC-06)},
  year={2006}
}


@inproceedings{reiss2008algebraic,
  title={An algebraic approach to rule-based information extraction},
  author={Reiss, Frederick and Raghavan, Sriram and Krishnamurthy, Rajasekar and Zhu, Huaiyu and Vaithyanathan, Shivakumar},
  booktitle={Data Engineering, 2008. ICDE 2008. IEEE 24th International Conference on},
  pages={933--942},
  year={2008},
  organization={IEEE}
}

@inproceedings{chiticariu2010systemt,
  title={SystemT: an algebraic approach to declarative information extraction},
  author={Chiticariu, Laura and Krishnamurthy, Rajasekar and Li, Yunyao and Raghavan, Sriram and Reiss, Frederick R and Vaithyanathan, Shivakumar},
  booktitle={Proceedings of the 48th Annual Meeting of the Association for Computational Linguistics},
  pages={128--137},
  year={2010},
  organization={Association for Computational Linguistics}
}

@inproceedings{karlsson1990constraint,
  title={Constraint grammar as a framework for parsing running text},
  author={Karlsson, Fred},
  booktitle={Proceedings of the 13th conference on Computational linguistics-Volume 3},
  pages={168--173},
  year={1990},
  organization={Association for Computational Linguistics}
}

@inproceedings{appelt1998common,
  title={The common pattern specification language},
  author={Appelt, Douglas E and Onyshkevych, Boyan},
  booktitle={Proceedings of a workshop on held at Baltimore, Maryland: October 13-15, 1998},
  pages={23--30},
  year={1998},
  organization={Association for Computational Linguistics}
}

@incollection{lee2011buy,
  title={Buy, sell, or hold? information extraction from stock analyst reports},
  author={Lee, Yeong Su and Geierhos, Michaela},
  booktitle={Modeling and Using Context},
  pages={173--184},
  year={2011},
  publisher={Springer}
}

@inproceedings{atzmueller2008rule,
  title={Rule-Based Information Extraction for Structured Data Acquisition using TextMarker},
  author={Atzmueller, Martin and Kluegl, Peter and Puppe, Frank},
  booktitle={Proceedings of LWA},
  year={2008},
  organization={Citeseer}
}

@inproceedings{urbain2012user,
  title={User-driven relational models for entity-relation search and extraction},
  author={Urbain, Jay},
  booktitle={Proceedings of the 1st Joint International Workshop on Entity-Oriented and Semantic Search},
  pages={5},
  year={2012},
  organization={ACM}
}

@inproceedings{traboulsi2009arabic,
  title={Arabic named entity extraction: A local grammar-based approach},
  author={Traboulsi, Hayssam},
  booktitle={Computer Science and Information Technology, 2009. IMCSIT'09. International Multiconference on},
  pages={139--143},
  year={2009},
  organization={IEEE}
}

@incollection{makhlouta2012arabic,
  title={Arabic entity graph extraction using morphology, finite state machines, and graph transformations},
  author={Makhlouta, Jad and Zaraket, Fadi and Harkous, Hamza},
  booktitle={Computational Linguistics and Intelligent Text Processing},
  pages={297--310},
  year={2012},
  publisher={Springer}
}

@inproceedings{zaraket2012arabic,
  title={Arabic Cross-Document NLP for the Hadith and Biography Literature},
  author={Zaraket, Fadi and Makhlouta, Jad},
  booktitle={Twenty-Fifth International FLAIRS Conference},
  year={2012}
}

@inproceedings{hammo2002qarab,
  title={QARAB: A question answering system to support the Arabic language},
  author={Hammo, Bassam and Abu-Salem, Hani and Lytinen, Steven},
  booktitle={Proceedings of the ACL-02 workshop on Computational approaches to semitic languages},
  pages={1--11},
  year={2002},
  organization={Association for Computational Linguistics}
}

@inproceedings{appelt1998common,
  title={The common pattern specification language},
  author={Appelt, Douglas E and Onyshkevych, Boyan},
  booktitle={Proceedings of a workshop on held at Baltimore, Maryland: October 13-15, 1998},
  pages={23--30},
  year={1998},
  organization={Association for Computational Linguistics}
}

%%%%%%Jad NER%%%%%%%%%%%

@inproceedings{zaghouani2010adapting,
  title={Adapting a resource-light highly multilingual named entity recognition system to arabic},
  author={Zaghouani, Wajdi and Pouliquen, Bruno and Ebrahim, Mohamed and Steinberger, Ralf},
  booktitle={Proceedings of the Seventh conference on International Language Resources and Evaluation (LREC’10)},
  pages={563--567},
  year={2010}
}

@article{shaalan2009nera,
  title={NERA: Named entity recognition for arabic},
  author={Shaalan, Khaled and Raza, Hafsa},
  journal={Journal of the American Society for Information Science and Technology},
  volume={60},
  number={8},
  pages={1652--1663},
  year={2009},
  publisher={Wiley Online Library}
}

%%%% preliminaries%%%%%%

@inproceedings{beesley2001finite,
  title={Finite-state morphological analysis and generation of Arabic at Xerox Research: Status and plans in 2001},
  author={Beesley, Kenneth R},
  booktitle={ACL Workshop on Arabic Language Processing: Status and Perspective},
  volume={1},
  pages={1--8},
  year={2001}
}

@article{mohri2005local,
  title={Local grammar algorithms},
  author={Mohri, Mehryar},
  journal={Inquiries into Words, Constraints and Contexts},
  pages={84},
  year={2005}
}

@book{margner2012guide,
  title={Guide to OCR for arabic scripts},
  author={M{\"a}rgner, Volker and El Abed, Haikal},
  year={2012},
  publisher={Springer}
}

@inproceedings{rashwan2012robust,
  title={A robust omnifont open-vocabulary arabic OCR system using pseudo-2D-HMM},
  author={Rashwan, Abdullah M and Rashwan, Mohsen A and Abdel-Hameed, Ahmed and Abdou, Sherif and Khalil, Ahmed Husien},
  booktitle={IS\&T/SPIE Electronic Imaging},
  pages={829707--829707},
  year={2012},
  organization={International Society for Optics and Photonics}
}

@book{sipser2006introduction,
  title={Introduction to the Theory of Computation},
  author={Sipser, Michael},
  volume={2},
  year={2006},
  publisher={Thomson Course Technology Boston}
}

@article{ekbal2010named,
  title={Named entity recognition using support vector machine: A language independent approach},
  author={Ekbal, Asif and Bandyopadhyay, Sivaji},
  journal={International Journal of Electrical, Computer, and Systems Engineering},
  volume={4},
  number={2},
  pages={155--170},
  year={2010}
}

@article{abdelrahman2010integrated,
  title={Integrated machine learning techniques for arabic named entity recognition},
  author={AbdelRahman, Samir and Elarnaoty, Mohamed and Magdy, Marwa and Fahmy, Aly},
  journal={IJCSI},
  volume={7},
  pages={27--36},
  year={2010}
}

@book{soudi2007arabic,
  title={Arabic computational morphology: knowledge-based and empirical methods},
  author={Soudi, Abdelhadi and Neumann, G{\"u}nter and van den Bosch, Antal},
  year={2007},
  publisher={Springer}
}
